<?xml version="1.0" encoding="UTF-8"?><record xmlns="http://www.loc.gov/MARC21/slim" xmlns:cinclude="http://apache.org/cocoon/include/1.0" xmlns:zs="http://www.loc.gov/zing/srw/">
  <leader>00578nz  a2200145n  4500</leader>
  <controlfield tag="001">no2008139942</controlfield>
  <controlfield tag="003">DLC</controlfield>
  <controlfield tag="005">20080926080256.0</controlfield>
  <controlfield tag="008">080924n| acannaabn          |a aaa     c</controlfield>
  <datafield tag="010" ind1=" " ind2=" ">
    <subfield code="a">no2008139942</subfield>
  </datafield>
  <datafield tag="035" ind1=" " ind2=" ">
    <subfield code="a">(OCoLC)oca07888557</subfield>
  </datafield>
  <datafield tag="040" ind1=" " ind2=" ">
    <subfield code="a">CSt-Mus</subfield>
    <subfield code="b">eng</subfield>
    <subfield code="c">CSt-Mus</subfield>
  </datafield>
  <datafield tag="100" ind1="1" ind2=" ">
    <subfield code="a">Wallek-Walewski, Bolesław,</subfield>
    <subfield code="d">1885-1944.</subfield>
    <subfield code="t">Pomsta Jontkowa</subfield>
  </datafield>
  <datafield tag="400" ind1="1" ind2=" ">
    <subfield code="a">Wallek-Walewski, Bolesław,</subfield>
    <subfield code="d">1885-1944.</subfield>
    <subfield code="t">Vengeance de Jontek</subfield>
  </datafield>
  <datafield tag="670" ind1=" " ind2=" ">
    <subfield code="a">Quasnik, D. L'opéra polonais, 1992:</subfield>
    <subfield code="b">t.p. (L'opéra polonais : Halka et La vengeance de Jontek) p. 3, etc. (Pomsta Jontkowa (La vengeance de Jontek) ; opera)</subfield>
  </datafield>
</record>